<record><leader>00000cas a2200000 a 4500</leader><controlfield tag="001">11269611</controlfield><controlfield tag="008">841016d19711990nyuwr ne      0   a0eng c</controlfield><datafield ind1=" " ind2=" " tag="010"><subfield code="a">sn 84002325 </subfield></datafield><datafield ind1=" " ind2=" " tag="040"><subfield code="a">NSD</subfield><subfield code="b">eng</subfield><subfield code="c">NSD</subfield><subfield code="d">NYS</subfield><subfield code="d">OCLCQ</subfield><subfield code="d">OCLCF</subfield><subfield code="d">OCLCO</subfield></datafield><datafield ind1=" " ind2=" " tag="012"><subfield code="l">1</subfield><subfield code="m">1</subfield></datafield><datafield ind1="1" ind2=" " tag="022"><subfield code="a">8750-3476</subfield><subfield code="l">8750-3476</subfield><subfield code="2">1</subfield></datafield><datafield ind1="1" ind2=" " tag="029"><subfield code="a">AU@</subfield><subfield code="b">000020457723</subfield></datafield><datafield ind1=" " ind2=" " tag="032"><subfield code="a">114150</subfield><subfield code="b">USPS</subfield></datafield><datafield ind1=" " ind2=" " tag="042"><subfield code="a">nsdp</subfield><subfield code="a">pcc</subfield></datafield><datafield ind1=" " ind2=" " tag="043"><subfield code="a">n-us-ny</subfield></datafield><datafield ind1=" " ind2="4" tag="222"><subfield code="a">The Jericho tribune</subfield></datafield><datafield ind1="0" ind2="4" tag="245"><subfield code="a">The Jericho tribune.</subfield></datafield><datafield ind1=" " ind2=" " tag="260"><subfield code="a">Jericho, N.Y. :</subfield><subfield code="b">Shiela Noeth,</subfield><subfield code="c">1971-1990.</subfield></datafield><datafield ind1=" " ind2=" " tag="310"><subfield code="a">Weekly</subfield></datafield><datafield ind1="0" ind2=" " tag="362"><subfield code="a">Vol. 1, no. 1 (Oct. 7, 1971)-v. 16, no. 10 (July 6,1990).</subfield></datafield><datafield ind1=" " ind2=" " tag="500"><subfield code="a">Published at: Jericho, N.Y., &lt;1977&gt;; Hicksville, N.Y., Nov. 23, 1984-&lt;Jan. 16, 1987&gt;; Mineola, N.Y., &lt;Feb. 13, 1987&gt;-1990.</subfield></datafield><datafield ind1=" " ind2=" " tag="500"><subfield code="a">Publishers: Shiela Noeth, &lt;1977&gt;; P. Hoegl, &lt;Sept. 21, 1984&gt;; Syosset Tribune Pub. Co., Inc., Nov. 23, 1984-&lt;Jan. 16, 1987&gt;; Anton Community Newsapers of Long Island, &lt;Feb. 13, 1987&gt;-1990.</subfield></datafield><datafield ind1=" " ind2="0" tag="651"><subfield code="a">Jericho (Nassau County, N.Y.)</subfield><subfield code="v">Newspapers.</subfield></datafield><datafield ind1=" " ind2="0" tag="651"><subfield code="a">Hicksville (N.Y.)</subfield><subfield code="v">Newspapers.</subfield></datafield><datafield ind1=" " ind2="0" tag="651"><subfield code="a">Mineola (N.Y.)</subfield><subfield code="v">Newspapers.</subfield></datafield><datafield ind1=" " ind2="0" tag="651"><subfield code="a">Nassau County (N.Y.)</subfield><subfield code="v">Newspapers.</subfield></datafield><datafield ind1=" " ind2="7" tag="655"><subfield code="a">Newspapers.</subfield><subfield code="2">fast</subfield><subfield code="0">(OCoLC)fst01423814</subfield></datafield><datafield ind1=" " ind2="7" tag="651"><subfield code="a">New York (State)</subfield><subfield code="z">Hicksville.</subfield><subfield code="2">fast</subfield><subfield code="0">(OCoLC)fst01221921</subfield></datafield><datafield ind1=" " ind2="7" tag="651"><subfield code="a">New York (State)</subfield><subfield code="z">Jericho (Nassau County)</subfield><subfield code="2">fast</subfield><subfield code="0">(OCoLC)fst01319490</subfield></datafield><datafield ind1=" " ind2="7" tag="651"><subfield code="a">New York (State)</subfield><subfield code="z">Mineola.</subfield><subfield code="2">fast</subfield><subfield code="0">(OCoLC)fst01223780</subfield></datafield><datafield ind1=" " ind2="7" tag="651"><subfield code="a">New York (State)</subfield><subfield code="z">Nassau County.</subfield><subfield code="2">fast</subfield><subfield code="0">(OCoLC)fst01205518</subfield></datafield><datafield ind1=" " ind2=" " tag="752"><subfield code="a">United States</subfield><subfield code="b">New York</subfield><subfield code="c">Nassau</subfield><subfield code="d">Mineola.</subfield></datafield><datafield ind1=" " ind2=" " tag="752"><subfield code="a">United States</subfield><subfield code="b">New York</subfield><subfield code="c">Nassau</subfield><subfield code="d">Jericho.</subfield></datafield><datafield ind1=" " ind2=" " tag="752"><subfield code="a">United States</subfield><subfield code="b">New York</subfield><subfield code="c">Nassau</subfield><subfield code="d">Hicksville.</subfield></datafield><datafield ind1="0" ind2="7" tag="785"><subfield code="t">Syosset tribune</subfield><subfield code="w">(DLC)sn 8402164</subfield><subfield code="w">(OCoLC)11487964</subfield></datafield><datafield ind1="0" ind2="7" tag="785"><subfield code="t">Tribune Syosset, Jericho</subfield><subfield code="w">(DLC)sn 9004762</subfield><subfield code="w">(OCoLC)22267004</subfield></datafield></record>